
@techreport{nbs2017,
	title = {Population Status of Children in China in 2015: Facts and Figures},
	author = {NBS,  and UNICEF,  and UNFPA, },
	year = {2017},
	month = {09},
	date = {2017-09},
	url = {https://www.unicef.cn/media/9901/file/Population%20Status%20of%20Children%20in%20China%20in%202015%20Facts%20and%20Figures.pdf},
	address = {Beijing},
	langid = {EN}
}

@article{cebotari2016,
	title = {Educational performance of children of migrant parents in Ghana, Nigeria and Angola},
	author = {Cebotari, Victor and Mazzucato, Valentina},
	year = {2016},
	month = {04},
	date = {2016-04-08},
	journal = {Journal of Ethnic and Migration Studies},
	pages = {834--856},
	volume = {42},
	number = {5},
	doi = {10.1080/1369183X.2015.1125777},
	url = {https://doi.org/10.1080/1369183X.2015.1125777},
	note = {Publisher: Routledge
{\_}eprint: https://doi.org/10.1080/1369183X.2015.1125777}
}

@article{dewaard2018,
	title = {Migration and parental absence: A comparative assessment of transnational families in Latin America},
	author = {DeWaard, Jack and Nobles, Jenna and Donato, Katharine M.},
	year = {2018},
	date = {2018},
	journal = {Population, Space and Place},
	pages = {e2166},
	volume = {24},
	number = {7},
	doi = {10.1002/psp.2166},
	url = {http://onlinelibrary.wiley.com/doi/abs/10.1002/psp.2166},
	note = {{\_}eprint: https://onlinelibrary.wiley.com/doi/pdf/10.1002/psp.2166},
	langid = {en}
}

@techreport{nbs2017a,
	title = {Population Status of Children in China in 2015: Facts and Figures},
	author = {NBS,  and UNICEF,  and UNFPA, },
	year = {2017},
	month = {09},
	date = {2017-09},
	url = {https://www.unicef.cn/media/9901/file/Population%20Status%20of%20Children%20in%20China%20in%202015%20Facts%20and%20Figures.pdf},
	address = {Beijing},
	langid = {EN}
}

@article{parliamentaryassembly2021,
	title = {Resolution 2366: Impact of labour migration on {\textquotedblleft}left-behind{\textquotedblright} children},
	author = {Parliamentary Assembly, },
	year = {2021},
	month = {03},
	date = {2021-03-19},
	url = {https://pace.coe.int/pdf/750b8aea81ea5b757d3b0db7f9865a27e4982ffbc23c9f49d28122e772e123ef/resolution%202366.pdf}
}
